@InProceedings{IsmailFawaz2018transfer,
  Title                    = {Transfer learning for time series classification},
  Author                   = {Ismail Fawaz, Hassan and Forestier, Germain and Weber, Jonathan and Idoumghar, Lhassane and Muller, Pierre-Alain},
  booktitle                = {{IEEE International Conference on Big Data (BigData)}},
  pages                    = {1367-1376},
  Year                     = {2018}
}
@InProceedings{IsmailFawaz2019deep,
  Title                    = {Deep Neural Network Ensembles for Time Series Classification},
  Author                   = {Ismail Fawaz, Hassan and Forestier, Germain and Weber, Jonathan and Idoumghar, Lhassane and Muller, Pierre-Alain},
  booktitle                = {IEEE International Joint Conference on Neural Networks (IJCNN)},
  Year                     = {2019}
}
@InWorkshops{ismailFawaz2018data,
  Title                    = {Data augmentation using synthetic data for time series classification with deep residual networks},
  Author                   = {Ismail Fawaz, Hassan and Forestier, Germain and Weber, Jonathan and Idoumghar, Lhassane and Muller, Pierre-Alain},
  Booktitle                = {International Workshop on Advanced Analytics and Learning on Temporal Data, {ECML} {PKDD} (AALTD)},
  Year                     = {2018}
}
@InProceedings{IsmailFawaz2019adversarial,
  Title                    = {Adversarial Attacks on Deep Neural Networks for Time Series Classification},
  Author                   = {Ismail Fawaz, Hassan and Forestier, Germain and Weber, Jonathan and Idoumghar, Lhassane and Muller, Pierre-Alain},
  booktitle                = {IEEE International Joint Conference on Neural Networks (IJCNN)},
  Year                     = {2019}
}
@InProceedings{IsmailFawaz2018evaluating,
  Title                    = {Evaluating surgical skills from kinematic data using convolutional neural networks},
  Author                   = {Ismail Fawaz, Hassan and Forestier, Germain and Weber, Jonathan and Idoumghar, Lhassane and Muller, Pierre-Alain},
  booktitle                = {International Conference On Medical Image Computing and Computer Assisted Intervention (MICCAI)},
  Year                     = {2018},
  pages                    = {214--221}
}
@InProceedings{IsmailFawaz2019automatic,
  Title                    = {Automatic alignment of surgical videos using kinematic data},
  Author                   = {Ismail Fawaz, Hassan and Forestier, Germain and Weber, Jonathan and Petitjean, François and Idoumghar, Lhassane and Muller, Pierre-Alain},
  booktitle                = {Artificial Intelligence in Medicine (AIME)},
  Year                     = {2019}
}
@Article{Forestier2018Surgicalmotionanalysis,
  author                   = {Forestier, G. and Petitjean, F. and Senin, P. and Despinoy, F. and Huaulmé, A. and Ismail Fawaz, H. and Weber, J. and Idoumghar, L. and Muller, P-A. and Jannin, P.},
  title                    = {Surgical motion analysis using discriminative interpretable patterns},
  journal                  = {Artificial Intelligence in Medicine},
  year                     = {2018},
  volume                   = {81},
  pages                    = {3--11},
  url                      = {https://www.sciencedirect.com/science/article/pii/S0933365717306681},
  pdf                      = {https://germain-forestier.info/publis/aim2018.pdf},
  code                     = {https://germain-forestier.info/src/aiim2018/},
  acronym                  = {AIM}
}
@Article{ismailfawaz2018deep,
  author                   = {Ismail Fawaz, Hassan and Forestier, Germain and Weber, Jonathan and Idoumghar, Lhassane and Muller, Pierre-Alain},
  title                    = {Deep learning for time series classification: a review},
  journal                  = {Data Mining and Knowledge Discovery},
  year                     = {2019},
  url                      = {https://link.springer.com/article/10.1007%2Fs10618-019-00619-1},
  pdf                      = {https://arxiv.org/pdf/1809.04356.pdf},
  code                     = {https://github.com/hfawaz/dl-4-tsc/},
  acronym                  = {DMKD}
}