@InProceedings{IsmailFawaz2018transfer,
  Title                    = {Transfer learning for time series classification},
  Author                   = {Ismail Fawaz, Hassan and Forestier, Germain and Weber, Jonathan and Idoumghar, Lhassane and Muller, Pierre-Alain},
  booktitle                = {IEEE International Conference on Big Data},
  Year                     = {2018}
}